@article{van2010cross,
  title={Cross-fertilizing strategies for better EM mountain climbing and DA field exploration: A graphical guide book},
  author={Van Dyk, David A and Meng, Xiao-Li and others},
  journal={Statistical Science},
  volume={25},
  number={4},
  pages={429--449},
  year={2010},
  publisher={Institute of Mathematical Statistics}
}

@article{dempster1977maximum,
  title={Maximum likelihood from incomplete data via the EM algorithm},
  author={Dempster, Arthur P and Laird, Nan M and Rubin, Donald B and others},
  journal={Journal of the Royal statistical Society},
  volume={39},
  number={1},
  pages={1--38},
  year={1977},
  publisher={Series B}
}

@article{roberts1997updating,
  title={Updating schemes, correlation structure, blocking and parameterization for the Gibbs sampler},
  author={Roberts, Gareth O and Sahu, Sujit K},
  journal={Journal of the Royal Statistical Society: Series B (Statistical Methodology)},
  volume={59},
  number={2},
  pages={291--317},
  year={1997},
  publisher={Wiley Online Library}
}

@incollection{fruhwirth2003bayesian,
  title={Bayesian estimation of the Heston stochastic volatility model},
  author={Fr{\"u}hwirth-Schnatter, Sylvia and S{\"o}gner, Leopold},
  booktitle={Operations Research Proceedings 2002},
  pages={480--485},
  year={2003},
  publisher={Springer}
}

@article{roberts2004bayesian,
  title={Bayesian inference for non-Gaussian Ornstein--Uhlenbeck stochastic volatility processes},
  author={Roberts, Gareth O and Papaspiliopoulos, Omiros and Dellaportas, Petros},
  journal={Journal of the Royal Statistical Society: Series B (Statistical Methodology)},
  volume={66},
  number={2},
  pages={369--393},
  year={2004},
  publisher={Wiley Online Library}
}

@book{shephard1996statistical,
  title={Statistical aspects of ARCH and stochastic volatility},
  author={Shephard, Neil},
  year={1996},
  publisher={Springer}
}

@article{gelfand1995efficient,
  title={Efficient parametrisations for normal linear mixed models},
  author={Gelfand, Alan E and Sahu, Sujit K and Carlin, Bradley P},
  journal={Biometrika},
  volume={82},
  number={3},
  pages={479--488},
  year={1995},
  publisher={Biometrika Trust}
}

@article{meng1997algorithm,
  title={The EM Algorithmâ€”an Old Folk-song Sung to a Fast New Tune},
  author={Meng, Xiao-Li and Van Dyk, David},
  journal={Journal of the Royal Statistical Society: Series B (Statistical Methodology)},
  volume={59},
  number={3},
  pages={511--567},
  year={1997},
  publisher={Wiley Online Library}
}

@article{meng1998fast,
  title={Fast EM-type implementations for mixed effects models},
  author={Meng, X-L and Van Dyk, David},
  journal={Journal of the Royal Statistical Society: Series B (Statistical Methodology)},
  volume={60},
  number={3},
  pages={559--578},
  year={1998},
  publisher={Wiley Online Library}
}

@inproceedings{bernardo2003non,
  title={Non-centered parameterisations for hierarchical models and data augmentation},
  author={Bernardo, JM and Bayarri, MJ and Berger, JO and Dawid, AP and Heckerman, D and Smith, AFM and West, M},
  booktitle={Bayesian Statistics 7: Proceedings of the Seventh Valencia International Meeting},
  pages={307},
  year={2003},
  organization={Oxford University Press, USA}
}

@article{pitt1999analytic,
  title={Analytic convergence rates and parameterization issues for the Gibbs sampler applied to state space models},
  author={Pitt, Michael K and Shephard, Neil},
  journal={Journal of Time Series Analysis},
  volume={20},
  number={1},
  pages={63--85},
  year={1999},
  publisher={Wiley Online Library}
}

@article{kastner2013ancillarity,
  title={Ancillarity-sufficiency interweaving strategy (ASIS) for boosting MCMC estimation of stochastic volatility models},
  author={Kastner, Gregor and Fr{\"u}hwirth-Schnatter, Sylvia},
  journal={Computational Statistics \& Data Analysis},
  year={2013},
  publisher={Elsevier}
}

@article{rue2001fast,
  title={Fast sampling of Gaussian Markov random fields},
  author={Rue, H{\aa}vard},
  journal={Journal of the Royal Statistical Society: Series B (Statistical Methodology)},
  volume={63},
  number={2},
  pages={325--338},
  year={2001},
  publisher={Wiley Online Library}
}

@article{mccausland2011simulation,
  title={Simulation smoothing for state--space models: A computational efficiency analysis},
  author={McCausland, William J and Miller, Shirley and Pelletier, Denis},
  journal={Computational Statistics \& Data Analysis},
  volume={55},
  number={1},
  pages={199--212},
  year={2011},
  publisher={Elsevier}
}

@article{magnus1980elimination,
  title={The elimination matrix: some lemmas and applications},
  author={Magnus, Jan R and Neudecker, H},
  journal={SIAM Journal on Algebraic Discrete Methods},
  volume={1},
  number={4},
  pages={422--449},
  year={1980},
  publisher={SIAM}
}

@article{magnus1988linear,
  title={Linear structures},
  author={Magnus, Jan R},
  year={1988},
  publisher={Griffin}
}

@book{mathai1997jacobians,
  title={Jacobians of matrix transformations and functions of matrix argument},
  author={Mathai, Arakaparampil M},
  year={1997},
  publisher={World Scientific}
}

@book{gupta1999matrix,
  title={Matrix variate distributions},
  author={Gupta, Arjun K and Nagar, Daya K},
  volume={104},
  year={1999},
  publisher={CRC Press}
}

@book{fang1990generalized,
  title={Generalized multivariate analysis},
  author={Fang, Kaitai and Zhang, Yao-Ting},
  year={1990},
  publisher={Springer}
}

@article{dawid1981some,
  title={Some matrix-variate distribution theory: notational considerations and a Bayesian application},
  author={Dawid, A Philip},
  journal={Biometrika},
  volume={68},
  number={1},
  pages={265--274},
  year={1981},
  publisher={Biometrika Trust}
}

@article{barnard2000modeling,
  title={Modeling covariance matrices in terms of standard deviations and correlations, with application to shrinkage},
  author={Barnard, John and McCulloch, Robert and Meng, Xiao-Li},
  journal={Statistica Sinica},
  volume={10},
  number={4},
  pages={1281--1312},
  year={2000},
  publisher={C/O DR HC HO, INST STATISTICAL SCIENCE, ACADEMIA SINICA, TAIPEI 115, TAIWAN}
}

@article{fruhwirth2011bayesian,
  title={Bayesian variable selection for random intercept modeling of Gaussian and non-Gaussian data},
  author={Fr{\"u}hwirth-Schnatter, Sylvia and Wagner, Helga},
  editor={Bernardo, JM and Bayarri, MJ and Berger, JO and Dawid, AP and Heckerman, D and Smith, AFM and West, M},
  booktitle={Bayesian Statistics 9},
  pages={165},
  year={2011},
  publisher={Oxford University Press}
}


@article{fruhwirth2008bayesian,
  title={Bayesian parsimonious covariance estimation for hierarchical linear mixed models},
  author={Fr{\"u}hwirth-Schnatter, Sylvia and T{\"u}chler, Regina},
  journal={Statistics and Computing},
  volume={18},
  number={1},
  pages={1--13},
  year={2008},
  publisher={Springer}
}


@article{huang2013simple,
  title={Simple marginally noninformative prior distributions for covariance matrices},
  author={Huang, Alan and Wand, MP},
  journal={Bayesian Analysis},
  volume={8},
  number={2},
  pages={439--452},
  year={2013},
  publisher={International Society for Bayesian Analysis}
}

@article{gelman2006prior,
  title={Prior distributions for variance parameters in hierarchical models (comment on article by Browne and Draper)},
  author={Gelman, Andrew},
  journal={Bayesian analysis},
  volume={1},
  number={3},
  pages={515--534},
  year={2006},
  publisher={International Society for Bayesian Analysis}
}

@article{van2001art,
  title={The art of data augmentation},
  author={Van Dyk, David A and Meng, Xiao-Li},
  journal={Journal of Computational and Graphical Statistics},
  volume={10},
  number={1},
  year={2001}
}

@article{meng1999seeking,
  title={Seeking efficient data augmentation schemes via conditional and marginal augmentation},
  author={Meng, Xiao-Li and Van Dyk, David A},
  journal={Biometrika},
  volume={86},
  number={2},
  pages={301--320},
  year={1999},
  publisher={Biometrika Trust}
}

@article{liu1999parameter,
  title={Parameter expansion for data augmentation},
  author={Liu, Jun S and Wu, Ying Nian},
  journal={Journal of the American Statistical Association},
  volume={94},
  number={448},
  pages={1264--1274},
  year={1999},
  publisher={Taylor \& Francis Group}
}

@article{hobert2008theoretical,
  title={A theoretical comparison of the data augmentation, marginal augmentation and {PX-DA} algorithms},
  author={Hobert, James P and Marchev, Dobrin},
  journal={The Annals of Statistics},
  volume={36},
  number={2},
  pages={532--554},
  year={2008},
  publisher={Institute of Mathematical Statistics}
}

@article{yu2011center,
  title={To center or not to center: That is not the question - an Ancillarity--Sufficiency Interweaving Strategy ({ASIS}) for boosting {MCMC} efficiency},
  author={Yu, Yaming and Meng, Xiao-Li},
  journal={Journal of Computational and Graphical Statistics},
  volume={20},
  number={3},
  pages={531--570},
  year={2011},
  publisher={Taylor \& Francis}
}

@article{fruhwirth2004efficient,
  title={Efficient {B}ayesian parameter estimation for state space models based on reparameterizations},
  author={Fr{\"u}hwirth-Schnatter, Sylvia},
  journal={State Space and Unobserved Component Models: Theory and Applications},
  pages={123--151},
  year={2004},
  publisher={Cambridge University Press}
}

@article{fruhwirth1994data,
  title={Data augmentation and dynamic linear models},
  author={Fr{\"u}hwirth-Schnatter, Sylvia},
  journal={Journal of Time Series Analysis},
  volume={15},
  number={2},
  pages={183--202},
  year={1994},
  publisher={Wiley Online Library}
}

@article{carter1994gibbs,
  title={On {G}ibbs sampling for state space models},
  author={Carter, Chris K and Kohn, Robert},
  journal={Biometrika},
  volume={81},
  number={3},
  pages={541--553},
  year={1994},
  publisher={Biometrika Trust}
}

@article{de1995simulation,
  title={The simulation smoother for time series models},
  author={De Jong, Piet and Shephard, Neil},
  journal={Biometrika},
  volume={82},
  number={2},
  pages={339--350},
  year={1995},
  publisher={Biometrika Trust}
}

@book{petris2009dynamic,
  title={Dynamic linear models with {R}},
  author={Petris, Giovanni and Campagnoli, Patrizia and Petrone, Sonia},
  year={2009},
  publisher={Springer}
}

@article{papaspiliopoulos2007general,
  title={A general framework for the parametrization of hierarchical models},
  author={Papaspiliopoulos, Omiros and Roberts, Gareth O and Sk{\"o}ld, Martin},
  journal={Statistical Science},
  pages={59--73},
  year={2007},
  publisher={JSTOR}
}

@article{papaspiliopoulos2008stability,
  title={Stability of the {G}ibbs sampler for {B}ayesian hierarchical models},
  author={Papaspiliopoulos, Omiros and Roberts, Gareth},
  journal={The Annals of Statistics},
  pages={95--117},
  year={2008},
  publisher={JSTOR}
}

@article{gilks1992adaptive,
  title={Adaptive rejection sampling for {G}ibbs sampling},
  author={Gilks, Walter R and Wild, Pascal},
  journal={Applied Statistics},
  pages={337--348},
  year={1992},
  publisher={JSTOR}
}

@article{koopman1993disturbance,
  title={Disturbance smoother for state space models},
  author={Koopman, Siem Jan},
  journal={Biometrika},
  volume={80},
  number={1},
  pages={117--126},
  year={1993},
  publisher={Biometrika Trust}
}