@Manual{PerezARS,
    title = {ars: Adaptive Rejection Sampling},
    author = {Rodriguez, Paulino Perez}, 
    year = {2009},
    note = {R package version 0.4, original C++ code from Arnost Komarek based on ars.f written by P. Wild and W. R. Gilks},
    url = {http://CRAN.R-project.org/package=ars},
}

@inproceedings{alvarez2014cov,
  author = {Alvarez-Castro, Ignacio and Simpson, Matthew and Niemi, Jarad},
  title = {Covariance Matrix Prior Distributions for Hierarchical
Linear Models},
  booktitle = {Kansas State University Conference on Applied
Statistics in Agriculture},
  year = {2014}
}

@book{prado2010time,
  title={Time Series: Modeling, Computation, and Inference},
  author={Prado, Raquel and West, Mike},
  year={2010},
  publisher={CRC Press},
  address={London}
}

@book{harrison1999bayesian,
  title={Bayesian Forecasting \& Dynamic Models (2nd ed.)},
  author={West, Mike and Harrison, Jeff},
  year={1999},
  publisher={Springer},
  address={New York}
}

@article{fruhwirth2008heston,
    title={Bayesian Estimation of the Multi-factor {H}eston Stochastic Volatility Model},
  author={Fr{\"u}hwirth-Schnatter, Sylvia and S{\"o}gner, Leopold},
  journal={Communications in Dependability and Quality Management},
  volume={11},
  number={4},
  pages={5--25},
  year={2008}
}

@article{strickland2008parameterisation,
  title={Parameterisation and Efficient {MCMC} Estimation of Non-{G}aussian State Space Models},
  author={Strickland, Chris M and Martin, Gael M and Forbes, Catherine S},
  journal={Computational Statistics \& Data Analysis},
  volume={52},
  number={6},
  pages={2911--2930},
  year={2008},
  publisher={Elsevier}
}

@article{fruhwirth2010stochastic,
  title={Stochastic Model specification Search for {G}aussian and Partial Non-{G}aussian State Space models},
  author={Fr{\"u}hwirth-Schnatter, Sylvia and Wagner, Helga},
  journal={Journal of Econometrics},
  volume={154},
  number={1},
  pages={85--100},
  year={2010},
  publisher={Elsevier}
}

@article{fruhwirth2006auxiliary,
  title={Auxiliary Mixture Sampling for Parameter-driven Models of Time Series of Counts with Applications to State Space Modelling},
  author={Fr{\"u}hwirth-Schnatter, Sylvia and Wagner, Helga},
  journal={Biometrika},
  volume={93},
  number={4},
  pages={827--841},
  year={2006},
  publisher={Biometrika Trust}
}

@article{bos2006inference,
  title={Inference for Adaptive Time Series Models: Stochastic Volatility and Conditionally {G}aussian State Space Form},
  author={Bos, Charles S and Shephard, Neil},
  journal={Econometric Reviews},
  volume={25},
  number={2-3},
  pages={219--244},
  year={2006},
  publisher={Taylor \& Francis}
}

@article{devroye2012random,
  title={Random Variate Generation for the Generalized Inverse {G}aussian Distribution},
  author={Devroye, Luc},
  journal={Statistics and Computing},
  pages={1--8},
  year={2012},
  volume={24},
  number={2},
  publisher={Springer}
}

@article{dagpunar1989easily,
  title={An Easily Implemented Generalised Inverse {G}aussian Generator},
  author={Dagpunar, JS},
  journal={Communications in Statistics-Simulation and Computation},
  volume={18},
  number={2},
  pages={703--710},
  year={1989},
  publisher={Taylor \& Francis}
}

@article{basu1955statistics,
  title={On Statistics Independent of a Complete Sufficient Statistic},
  author={Basu, Dev},
  journal={Sankhy{\=a}: The Indian Journal of Statistics},
  pages={377--380},
  year={1955},
  publisher={JSTOR},
  volume={15},
  number={4}
}

@article{tanner1987calculation,
  title={The Calculation of Posterior Distributions by Data Augmentation},
  author={Tanner, Martin A and Wong, Wing Hung},
  journal={Journal of the American Statistical Association},
  volume={82},
  number={398},
  pages={528--540},
  year={1987},
  publisher={Taylor \& Francis}
}

@book{gelman2013bayesian,
  title={Bayesian Data Analysis (3rd ed.)},
  author={Gelman, Andrew and Carlin, John B and Stern, Hal S and Dunson, David B and Vehtari, Aki and Rubin, Donald B},
  year={2013},
  publisher={CRC press},
  address={New York}
}


@article{van2010cross,
  title={Cross-fertilizing Strategies for Better {EM} Mountain Climbing and {DA} Field Exploration: A Graphical Guide Book},
  author={Van Dyk, David and Meng, Xiao-Li},
  journal={Statistical Science},
  volume={25},
  number={4},
  pages={429--449},
  year={2010},
  publisher={Institute of Mathematical Statistics}
}

@article{dempster1977maximum,
  title={Maximum Likelihood from Incomplete Data via the {EM} Algorithm},
  author={Dempster, Arthur P and Laird, Nan M and Rubin, Donald B and others},
  journal={Journal of the Royal statistical Society},
  volume={39},
  number={1},
  pages={1--38},
  year={1977},
  publisher={Series B}
}

@article{roberts1997updating,
  title={Updating Schemes, Correlation Structure, Blocking and Parameterization for the {G}ibbs Sampler},
  author={Roberts, Gareth O and Sahu, Sujit K},
  journal={Journal of the Royal Statistical Society: Series B (Statistical Methodology)},
  volume={59},
  number={2},
  pages={291--317},
  year={1997},
  publisher={Wiley Online Library}
}

@inproceedings{fruhwirth2003bayesian,
  title={Bayesian Estimation of the {H}eston Stochastic Volatility Model},
  author={Fr{\"u}hwirth-Schnatter, Sylvia and S{\"o}gner, Leopold},
  booktitle={Operations Research Proceedings 2002},
  editor={Harvey, Andrew and Koopman, Siem Jan and Shephard, Neil},
  pages={480--485},
  year={2003},
  publisher={Springer},
  address={}
}

@article{roberts2004bayesian,
  title={Bayesian Inference for non-{G}aussian {O}rnstein--{U}hlenbeck Stochastic Volatility Processes},
  author={Roberts, Gareth O and Papaspiliopoulos, Omiros and Dellaportas, Petros},
  journal={Journal of the Royal Statistical Society: Series B (Statistical Methodology)},
  volume={66},
  number={2},
  pages={369--393},
  year={2004},
  publisher={Wiley Online Library}
}

@book{shephard1996statistical,
  title={Statistical Aspects of {ARCH} and Stochastic Volatility},
  author={Shephard, Neil},
  year={1996},
  publisher={Springer},
  address={London}
}

@article{gelfand1995efficient,
  title={Efficient Parametrisations for Normal Linear Mixed Models},
  author={Gelfand, Alan E and Sahu, Sujit K and Carlin, Bradley P},
  journal={Biometrika},
  volume={82},
  number={3},
  pages={479--488},
  year={1995},
  publisher={Biometrika Trust}
}

@article{meng1997algorithm,
  title={The {EM} Algorithm--An Old Folk-song Sung to a Fast New Tune},
  author={Meng, Xiao-Li and Van Dyk, David},
  journal={Journal of the Royal Statistical Society: Series B (Statistical Methodology)},
  volume={59},
  number={3},
  pages={511--567},
  year={1997},
  publisher={Wiley Online Library}
}

@article{meng1998fast,
  title={Fast {EM}-type Implementations for Mixed Effects Models},
  author={Meng, Xiao-Li and Van Dyk, David},
  journal={Journal of the Royal Statistical Society: Series B (Statistical Methodology)},
  volume={60},
  number={3},
  pages={559--578},
  year={1998},
  publisher={Wiley Online Library}
}

@incollection{bernardo2003non,
  title={Non-centered Parameterisations for Hierarchical Models and Data Augmentation},
  author={Bernardo, JM and Bayarri, MJ and Berger, JO and Dawid, AP and Heckerman, D and Smith, AFM and West, M},
  booktitle={Bayesian Statistics 7: Proceedings of the Seventh Valencia International Meeting},
  pages={307--326},
  year={2003},
  publisher={Oxford University Press},
  address={London}
}

@article{pitt1999analytic,
  title={Analytic Convergence Rates and Parameterization Issues for the {G}ibbs Sampler Applied to State Space Models},
  author={Pitt, Michael K and Shephard, Neil},
  journal={Journal of Time Series Analysis},
  volume={20},
  number={1},
  pages={63--85},
  year={1999},
  publisher={Wiley Online Library}
}

@article{kastner2013ancillarity,
  title={Ancillarity-Sufficiency Interweaving Strategy ({ASIS}) for Boosting {MCMC} Estimation of Stochastic Volatility Models},
  author={Kastner, Gregor and Fr{\"u}hwirth-Schnatter, Sylvia},
  journal={Computational Statistics \& Data Analysis},
  volume={76},
  pages={408--423},
  year={2014},
  publisher={Elsevier}
}

@article{rue2001fast,
  title={Fast Sampling of {G}aussian Markov Random Fields},
  author={Rue, H{\aa}vard},
  journal={Journal of the Royal Statistical Society: Series B (Statistical Methodology)},
  volume={63},
  number={2},
  pages={325--338},
  year={2001},
  publisher={Wiley Online Library}
}

@article{mccausland2011simulation,
  title={Simulation Smoothing for State--Space models: A Computational Efficiency Analysis},
  author={McCausland, William J and Miller, Shirley and Pelletier, Denis},
  journal={Computational Statistics \& Data Analysis},
  volume={55},
  number={1},
  pages={199--212},
  year={2011},
  publisher={Elsevier}
}

@article{magnus1980elimination,
  title={The Elimination Matrix: Some Lemmas and Applications},
  author={Magnus, Jan R and Neudecker, H},
  journal={SIAM Journal on Algebraic Discrete Methods},
  volume={1},
  number={4},
  pages={422--449},
  year={1980},
  publisher={SIAM}
}

@article{magnus1988linear,
  title={Linear Structures},
  author={Magnus, Jan R},
  year={1988},
  publisher={Griffin}
}

@book{mathai1997jacobians,
  title={Jacobians of Matrix Transformations and Functions of Matrix Argument},
  author={Mathai, Arakaparampil M},
  year={1997},
  publisher={World Scientific}
}

@book{gupta1999matrix,
  title={Matrix Variate Distributions},
  author={Gupta, Arjun K and Nagar, Daya K},
  volume={104},
  year={1999},
  publisher={CRC Press}
}

@book{fang1990generalized,
  title={Generalized Multivariate Analysis},
  author={Fang, Kaitai and Zhang, Yao-Ting},
  year={1990},
  publisher={Springer}
}

@article{dawid1981some,
  title={Some Matrix-variate Distribution Theory: Notational Considerations and a {B}ayesian Application},
  author={Dawid, A Philip},
  journal={Biometrika},
  volume={68},
  number={1},
  pages={265--274},
  year={1981},
  publisher={Biometrika Trust}
}

@article{barnard2000modeling,
  title={Modeling Covariance Matrices in Terms of Standard Deviations and Correlations, with Application to Shrinkage},
  author={Barnard, John and McCulloch, Robert and Meng, Xiao-Li},
  journal={Statistica Sinica},
  volume={10},
  number={4},
  pages={1281--1312},
  year={2000},
  publisher={C/O DR HC HO, INST STATISTICAL SCIENCE, ACADEMIA SINICA, TAIPEI 115, TAIWAN}
}

@incollection{fruhwirth2011bayesian,
  title={Bayesian Variable Selection for Random Intercept Modeling of {G}aussian and Non-{G}aussian Data},
  author={Fr{\"u}hwirth-Schnatter, Sylvia and Wagner, Helga},
  editor={Bernardo, JM and Bayarri, MJ and Berger, JO and Dawid, AP and Heckerman, D and Smith, AFM and West, M},
  booktitle={Bayesian Statistics 9},
  pages={165--200},
  year={2011},
  publisher={Oxford University Press},
  address={Oxford}
}

@article{fruhwirth2008bayesian,
  title={Bayesian Parsimonious Covariance Estimation for Hierarchical Linear Mixed Models},
  author={Fr{\"u}hwirth-Schnatter, Sylvia and T{\"u}chler, Regina},
  journal={Statistics and Computing},
  volume={18},
  number={1},
  pages={1--13},
  year={2008},
  publisher={Springer}
}


@article{huang2013simple,
  title={Simple Marginally Noninformative Prior Distributions for Covariance Matrices},
  author={Huang, Alan and Wand, MP},
  journal={Bayesian Analysis},
  volume={8},
  number={2},
  pages={439--452},
  year={2013},
  publisher={International Society for Bayesian Analysis}
}

@article{gelman2006prior,
  title={Prior Distributions for Variance Parameters in Hierarchical Models (Comment on Article by {B}rowne and {D}raper)},
  author={Gelman, Andrew},
  journal={Bayesian analysis},
  volume={1},
  number={3},
  pages={515--534},
  year={2006},
  publisher={International Society for Bayesian Analysis}
}

@article{van2001art,
  title={The Art of Data Augmentation},
  author={Van Dyk, David and Meng, Xiao-Li},
  journal={Journal of Computational and Graphical Statistics},
  volume={10},
  number={1},
  year={2001},
  pages={1--50}
}

@article{meng1999seeking,
  title={Seeking Efficient Data Augmentation Schemes via Conditional and Marginal augmentation},
  author={Meng, Xiao-Li and Van Dyk, David},
  journal={Biometrika},
  volume={86},
  number={2},
  pages={301--320},
  year={1999},
  publisher={Biometrika Trust}
}

@article{liu1999parameter,
  title={Parameter Expansion for Data Augmentation},
  author={Liu, Jun S and Wu, Ying Nian},
  journal={Journal of the American Statistical Association},
  volume={94},
  number={448},
  pages={1264--1274},
  year={1999},
  publisher={Taylor \& Francis Group}
}

@article{hobert2008theoretical,
  title={A Theoretical Comparison of the Data Augmentation, Marginal Augmentation and {PX-DA} Algorithms},
  author={Hobert, James P and Marchev, Dobrin},
  journal={The Annals of Statistics},
  volume={36},
  number={2},
  pages={532--554},
  year={2008},
  publisher={Institute of Mathematical Statistics}
}

@article{yu2011center,
  title={To Center or not to Center: That is not the Question - An Ancillarity--Sufficiency Interweaving Strategy ({ASIS}) for Boosting {MCMC} Efficiency},
  author={Yu, Yaming and Meng, Xiao-Li},
  journal={Journal of Computational and Graphical Statistics},
  volume={20},
  number={3},
  pages={531--570},
  year={2011},
  publisher={Taylor \& Francis}
}

@incollection{fruhwirth2004efficient,
  title={Efficient {B}ayesian Parameter Estimation for State Space Models Based on Reparameterizations},
  author={Fr{\"u}hwirth-Schnatter, Sylvia},
  booktitle={State Space and Unobserved Component Models: Theory and Applications},
  pages={123--151},
  year={2004},
  publisher={Cambridge University Press},
  address={Cambridge, UK}
}

@article{fruhwirth1994data,
  title={Data Augmentation and Dynamic Linear Models},
  author={Fr{\"u}hwirth-Schnatter, Sylvia},
  journal={Journal of Time Series Analysis},
  volume={15},
  number={2},
  pages={183--202},
  year={1994},
  publisher={Wiley Online Library}
}

@article{carter1994gibbs,
  title={On {G}ibbs Sampling for State Space Models},
  author={Carter, Chris K and Kohn, Robert},
  journal={Biometrika},
  volume={81},
  number={3},
  pages={541--553},
  year={1994},
  publisher={Biometrika Trust}
}

@article{de1995simulation,
  title={The Simulation Smoother for Time Series Models},
  author={De Jong, Piet and Shephard, Neil},
  journal={Biometrika},
  volume={82},
  number={2},
  pages={339--350},
  year={1995},
  publisher={Biometrika Trust}
}

@book{petris2009dynamic,
  title={Dynamic Linear Models with {R}},
  author={Petris, Giovanni and Campagnoli, Patrizia and Petrone, Sonia},
  year={2009},
  publisher={Springer},
  address={New York}
}

@article{papaspiliopoulos2007general,
  title={A General Framework for the Parametrization of Hierarchical Models},
  author={Papaspiliopoulos, Omiros and Roberts, Gareth O and Sk{\"o}ld, Martin},
  journal={Statistical Science},
  pages={59--73},
  year={2007},
  volume={22},
  number={1},
  publisher={JSTOR}
}

@article{papaspiliopoulos2008stability,
  title={Stability of the {G}ibbs Sampler for {B}ayesian Hierarchical Models},
  author={Papaspiliopoulos, Omiros and Roberts, Gareth},
  journal={The Annals of Statistics},
  pages={95--117},
  year={2008},
  publisher={JSTOR},
  volume={36},
  number={1}
}

@article{gilks1992adaptive,
  title={Adaptive Rejection Sampling for {G}ibbs Sampling},
  author={Gilks, Walter R and Wild, Pascal},
  journal={Applied Statistics},
  pages={337--348},
  year={1992},
  publisher={JSTOR},
  volume={41},
  number={2}
}

@article{koopman1993disturbance,
  title={Disturbance Smoother for State Space Models},
  author={Koopman, Siem Jan},
  journal={Biometrika},
  volume={80},
  number={1},
  pages={117--126},
  year={1993},
  publisher={Biometrika Trust}
}

@book{jorgensen1982statistical,
  title={Statistical Properties of the Generalized Inverse {G}aussian Distribution},
  author={J{\o}rgensen, Bent},
  year={1982},
  publisher={Springer},
  address={New York}
}
