@article{yu2011center,
  title={To center or not to center: That is not the question - an Ancillarity--Sufficiency Interweaving Strategy (ASIS) for boosting MCMC efficiency},
  author={Yu, Yaming and Meng, Xiao-Li},
  journal={Journal of Computational and Graphical Statistics},
  volume={20},
  number={3},
  pages={531--570},
  year={2011},
  publisher={Taylor \& Francis}
}