@article{yu2011center,
  title={To center or not to center: That is not the question - an Ancillarity--Sufficiency Interweaving Strategy ({ASIS}) for boosting {MCMC} efficiency},
  author={Yu, Yaming and Meng, Xiao-Li},
  journal={Journal of Computational and Graphical Statistics},
  volume={20},
  number={3},
  pages={531--570},
  year={2011},
  publisher={Taylor \& Francis}
}

@article{fruhwirth2004efficient,
  title={Efficient {B}ayesian parameter estimation for state space models based on reparameterizations},
  author={Fr{\"u}hwirth-Schnatter, Sylvia},
  journal={State Space and Unobserved Component Models: Theory and Applications},
  pages={123--151},
  year={2004},
  publisher={Cambridge University Press}
}

@article{fruhwirth1994data,
  title={Data augmentation and dynamic linear models},
  author={Fr{\"u}hwirth-Schnatter, Sylvia},
  journal={Journal of Time Series Analysis},
  volume={15},
  number={2},
  pages={183--202},
  year={1994},
  publisher={Wiley Online Library}
}

@article{carter1994gibbs,
  title={On {G}ibbs sampling for state space models},
  author={Carter, Chris K and Kohn, Robert},
  journal={Biometrika},
  volume={81},
  number={3},
  pages={541--553},
  year={1994},
  publisher={Biometrika Trust}
}

