@article{kastner2013ancillarity,
  title={Ancillarity-sufficiency interweaving strategy (ASIS) for boosting MCMC estimation of stochastic volatility models},
  author={Kastner, Gregor and Fr{\"u}hwirth-Schnatter, Sylvia},
  journal={Computational Statistics \& Data Analysis},
  year={2013},
  publisher={Elsevier}
}

@article{kastnerefficient,
  title={Efficient Bayesian inference for multivariate factor stochastic volatility models},
  author={Kastner, Gregor and Fr{\"u}hwirth-Schnatter, Sylvia and Lopes, Hedibert Freitas}
}