
@article{yu2011center,
  title={To Center or not to Center: That is not the Question - An Ancillarity--Sufficiency Interweaving Strategy ({ASIS}) for Boosting {MCMC} Efficiency},
  author={Yu, Yaming and Meng, Xiao Li},
  journal={Journal of Computational and Graphical Statistics},
  volume={20},
  number={3},
  pages={531--570},
  year={2011},
  publisher={Taylor \& Francis}
}
